@unpublished{McCallumMALLET,
      author = "Andrew Kachites McCallum",
      title = "MALLET: A Machine Learning for Language Toolkit",
      note = "http://mallet.cs.umass.edu",
      year = 2002,
}
 
 @unpublished{NorvigSpell,
      author = "Peter Norvig",
      title = "How to Write a Spelling Corrector",
      note = "http://norvig.com/spell-correct.html",
}
      
@inproceedings{ResnikGR13,
  author    = {Resnik, Philip  and
               Garron, Anderson and
               Resnik, Rebecca},
  title     = {Using Topic Modeling to Improve Prediction of Neuroticism
               and Depression in College Students},
  booktitle = {EMNLP},
  year      = {2013},
  pages     = {1348-1353},	
}

@inproceedings{NAMI2013,
  title     = {Major Depression fact sheet},
  booktitle = {http://www.nami.org/Template.cfm?Section=depression},
  year      = {2013},	
}

@inproceedings{DSM4,
  title     = {Diagnostic and Statistical Manual of Mental
Disorders, 4th Edition},
  booktitle = {American Psychiatric Association},
  year      = {2000},
}

@inproceedings{jagarlamudi12,
 author = {Jagarlamudi, Jagadeesh and Daum{\'e},III, Hal and Udupa, Raghavendra},
 title = {Incorporating Lexical Priors into Topic Models},
 booktitle = {Proceedings of the 13th Conference of the European Chapter of the Association for Computational Linguistics},
 series = {EACL '12},
 year = {2012},
 isbn = {978-1-937284-19-0},
 location = {Avignon, France},
 pages = {204--213},
 numpages = {10},
 url = {http://dl.acm.org/citation.cfm?id=2380816.2380844},
 acmid = {2380844},
 publisher = {Association for Computational Linguistics},
 address = {Stroudsburg, PA, USA},
} 

@misc{spellcheck,
 key = {spellcheck},
 title = {How to Write a Spelling Corrector},
 author = {Peter Norvig},
 howpublished = {\url{http://norvig.com/spell-correct.html}}
}

@misc{emoticondict,
 key = {emoticon},
 title = {Emoticon Dictionary},
 howpublished = {\url{http://en.wikipedia.org/wiki/List_of_emoticons}}
}

@article{weka,
 author = {Hall, Mark and Frank, Eibe and Holmes, Geoffrey and Pfahringer, Bernhard and Reutemann, Peter and Witten, Ian H.},
 title = {The WEKA Data Mining Software: An Update},
 journal = {SIGKDD Explor. Newsl.},
 issue_date = {June 2009},
 volume = {11},
 number = {1},
 month = nov,
 year = {2009},
 issn = {1931-0145},
 pages = {10--18},
 numpages = {9},
 url = {http://doi.acm.org/10.1145/1656274.1656278},
 doi = {10.1145/1656274.1656278},
 acmid = {1656278},
 publisher = {ACM},
 address = {New York, NY, USA}
} 

@inproceedings{golnoosh13,
  author = "Farnadi, Golnoosh and Zoghbi, Susana and Moens, Marie-Francine and De Cock, Martine",
  title = "Recognising personality traits using facebook status updates",
  booktitle = "Proceedings of the Workshop on Computational Personality Recognition (WCPR13) at the 7th International AAAI Conference on Weblogs and Social Media (ICWSM13), Workshop on computational personality recognition (WCPR13) at the 7th international AAAI conference on weblogs and social media (ICWSM13), Boston, USA, 11 July 2013",
  publisher = "AAAI",
  year = "2013",
  note = "Accepted",
  url = "https://lirias.kuleuven.be/handle/123456789/397215",
}

@inproceedings{nguyen2013lexical,
  title={Lexical and hierarchical topic regression},
  author={Nguyen, Viet-An and Boyd-Graber, Jordan and Resnik, Philip},
  booktitle={Advances in Neural Information Processing Systems},
  pages={1106--1114},
  year={2013}
}
@inproceedings{blei2007supervised,
  title={Supervised Topic Models.},
  author={Blei, David M and McAuliffe, Jon D},
  booktitle={NIPS},
  volume={7},
  pages={121--128},
  year={2007}
}